<record><leader>00000cas a2200000 a 4500</leader><controlfield tag="001">11280564</controlfield><controlfield tag="008">841018d18581877iluwr ne      0   a0ger c</controlfield><datafield ind1=" " ind2=" " tag="010"><subfield code="a">sn 84038350 </subfield></datafield><datafield ind1=" " ind2=" " tag="040"><subfield code="a">NPX</subfield><subfield code="b">eng</subfield><subfield code="c">NPX</subfield><subfield code="d">NPU</subfield><subfield code="d">YOX</subfield><subfield code="d">NVF</subfield><subfield code="d">YOX</subfield><subfield code="d">CRL</subfield><subfield code="d">OCL</subfield><subfield code="d">NVF</subfield><subfield code="d">KRTAS</subfield><subfield code="d">OCLCQ</subfield><subfield code="d">NVF</subfield><subfield code="d">OCLCO</subfield><subfield code="d">OCLCF</subfield></datafield><datafield ind1="1" ind2=" " tag="029"><subfield code="a">AU@</subfield><subfield code="b">000020232859</subfield></datafield><datafield ind1=" " ind2=" " tag="042"><subfield code="a">pcc</subfield></datafield><datafield ind1=" " ind2=" " tag="043"><subfield code="a">n-us-il</subfield></datafield><datafield ind1="0" ind2=" " tag="130"><subfield code="a">Belleviller zeitung (Belleville, Ill. : 1858)</subfield></datafield><datafield ind1="1" ind2="0" tag="245"><subfield code="a">Belleviller zeitung.</subfield></datafield><datafield ind1=" " ind2=" " tag="260"><subfield code="a">Belleville, Ill. :</subfield><subfield code="b">Friedrich Rupp &amp; F. Grimm,</subfield><subfield code="c">1858-1877.</subfield></datafield><datafield ind1=" " ind2=" " tag="300"><subfield code="a">v. ;</subfield><subfield code="c">72 cm.</subfield></datafield><datafield ind1=" " ind2=" " tag="310"><subfield code="a">Weekly</subfield></datafield><datafield ind1="0" ind2=" " tag="362"><subfield code="a">Jahrg. 10, Nr. 11 (18. Ma&#776;rz 1858)-Jahrg. 29, Nr. 42 (18. Okt. 1877).</subfield></datafield><datafield ind1=" " ind2=" " tag="515"><subfield code="a">Issues for Mar. 18, 1858-Jan. 6, 1859 called also laufende Nummer des "Volksblattes" 109-151.</subfield></datafield><datafield ind1=" " ind2=" " tag="546"><subfield code="a">In German.</subfield></datafield><datafield ind1=" " ind2=" " tag="580"><subfield code="a">Daily eds.: Illinois Republikaner (Belleville, Ill. : Daily), 1873, and: Belleville zeitung (Belleville, Ill. : 1876), 1876-1877.</subfield></datafield><datafield ind1=" " ind2=" " tag="580"><subfield code="a">Merger of: Wo&#776;chentliche Belleville zeitung, and: Belleviller volksblatt (Belleville, Ill. : 1856).</subfield></datafield><datafield ind1=" " ind2=" " tag="580"><subfield code="a">Merged with: Wo&#776;chentlicher stern des Westens, to form: Wo&#776;chentliche Belleviller zeitung und "stern des Westens."</subfield></datafield><datafield ind1=" " ind2="0" tag="650"><subfield code="a">German Americans</subfield><subfield code="z">Illinois</subfield><subfield code="z">Belleville</subfield><subfield code="v">Newspapers.</subfield></datafield><datafield ind1=" " ind2="0" tag="651"><subfield code="a">Belleville (Ill.)</subfield><subfield code="v">Newspapers.</subfield></datafield><datafield ind1=" " ind2="7" tag="655"><subfield code="a">Newspapers.</subfield><subfield code="2">fast</subfield><subfield code="0">(OCoLC)fst01423814</subfield></datafield><datafield ind1=" " ind2="7" tag="650"><subfield code="a">German Americans.</subfield><subfield code="2">fast</subfield><subfield code="0">(OCoLC)fst00941308</subfield></datafield><datafield ind1=" " ind2="7" tag="651"><subfield code="a">Illinois</subfield><subfield code="z">Belleville.</subfield><subfield code="2">fast</subfield><subfield code="0">(OCoLC)fst01202799</subfield></datafield><datafield ind1=" " ind2=" " tag="752"><subfield code="a">United States</subfield><subfield code="b">Illinois</subfield><subfield code="c">Saint Clair</subfield><subfield code="d">Belleville.</subfield></datafield><datafield ind1="1" ind2=" " tag="775"><subfield code="t">Illinois Republikaner (Belleville, Ill. : Daily)</subfield><subfield code="w">(DLC)sn 85033400</subfield><subfield code="w">(OCoLC)11931679</subfield></datafield><datafield ind1="1" ind2=" " tag="775"><subfield code="t">Belleviller zeitung (Belleville, Ill. : 1876)</subfield><subfield code="w">(DLC)sn 91055899</subfield><subfield code="w">(OCoLC)24956668</subfield></datafield><datafield ind1="1" ind2="4" tag="780"><subfield code="t">Wo&#776;chentliche Belleviller zeitung</subfield><subfield code="w">(DLC)sn 91055893</subfield><subfield code="w">(OCoLC)24948503</subfield></datafield><datafield ind1="1" ind2="4" tag="780"><subfield code="t">Belleviller volksblatt (Belleville, Ill. : 1856)</subfield><subfield code="w">(DLC)sn 91055894</subfield><subfield code="w">(OCoLC)24948574</subfield></datafield><datafield ind1="0" ind2="5" tag="780"><subfield code="t">Illinois Republikaner (Belleville, Ill. : Weekly)</subfield><subfield code="g">1873</subfield></datafield><datafield ind1="1" ind2="7" tag="785"><subfield code="t">Wo&#776;chentlicher stern des Westens</subfield><subfield code="w">(DLC)sn 85033402</subfield><subfield code="w">(OCoLC)11931690</subfield></datafield><datafield ind1="1" ind2="7" tag="785"><subfield code="t">Wo&#776;chentliche Belleviller zeitung und "stern des Westens"</subfield><subfield code="w">(DLC)sn 91055895</subfield><subfield code="w">(OCoLC)24949719</subfield></datafield><datafield ind1=" " ind2=" " tag="938"><subfield code="a">Kirtas Technologies, Inc.</subfield><subfield code="b">KRTS</subfield><subfield code="n">738838</subfield></datafield></record>